@inproceedings{tyurin2020optimizing,
  title={Optimizing GPU programs by partial evaluation},
  author={Tyurin, Aleksey and Berezun, Daniil and Grigorev, Semyon},
  booktitle={Proceedings of the 25th ACM SIGPLAN Symposium on Principles and Practice of Parallel Programming},
  pages={431--432},
  year={2020}
}

@article{leissa2018anydsl,
	title={AnyDSL: A partial evaluation framework for programming high-performance libraries},
	author={Lei{\ss}a, Roland and Boesche, Klaas and Hack, Sebastian and P{\'e}rard-Gayot, Ars{\`e}ne and Membarth, Richard and Slusallek, Philipp and M{\"u}ller, Andr{\'e} and Schmidt, Bertil},
	journal={Proceedings of the ACM on Programming Languages},
	volume={2},
	number={OOPSLA},
	pages={1--30},
	year={2018},
	publisher={ACM New York, NY, USA}
}

@book{kepner2011graph,
	title={Graph algorithms in the language of linear algebra},
	author={Kepner, Jeremy and Gilbert, John},
	year={2011},
	publisher={SIAM}
}

@book{jones1993partial,
	title={Partial evaluation and automatic program generation},
	author={Jones, Neil D and Gomard, Carsten K and Sestoft, Peter},
	year={1993},
	publisher={Peter Sestoft}
}

@article{ershov1982mixed,
	title={Mixed computation: Potential applications and problems for study},
	author={Ershov, Andrei P.},
	journal={Theoretical Computer Science},
	volume={18},
	number={1},
	pages={41--67},
	year={1982},
	publisher={Elsevier}
}

@inproceedings{futamura1983partial,
	title={Partial computation of programs},
	author={Futamura, Yoshihiko},
	booktitle={RIMS Symposia on Software Science and Engineering},
	pages={1--35},
	year={1983},
	organization={Springer}
}

@InProceedings{10.1007/978-3-319-74313-4_27,
	author="Sharygin, Eugene
	and Buchatskiy, Ruben
	and Zhuykov, Roman
	and Sher, Arseny",
	editor="Petrenko, Alexander K.
	and Voronkov, Andrei",
	title="Runtime Specialization of PostgreSQL Query Executor",
	booktitle="Perspectives of System Informatics",
	year="2018",
	publisher="Springer International Publishing",
	address="Cham",
	pages="375--386",
	abstract="For computationally intensive workloads, achieving high database performance is in direct correspondence to utilizing CPU efficiently. At the same time, interpretation overhead inherent to traditional interpretive SQL engines gets in the way of optimal CPU utilization.",
	isbn="978-3-319-74313-4"
}

@article{davis2019algorithm,
	title={Algorithm 1000: SuiteSparse: GraphBLAS: Graph algorithms in the language of sparse linear algebra},
	author={Davis, Timothy A},
	journal={ACM Transactions on Mathematical Software (TOMS)},
	volume={45},
	number={4},
	pages={1--25},
	year={2019},
	publisher={ACM New York, NY, USA}
}

@inproceedings{moreira2018implementing,
	title={Implementing the GraphBLAS C API},
	author={Moreira, Jos{\'e} E and Kumar, Manoj and Horn, William P},
	booktitle={2018 IEEE International Parallel and Distributed Processing Symposium Workshops (IPDPSW)},
	pages={298--309},
	year={2018},
	organization={IEEE}
}

@online{pygraphblas,
	title={PyGraphBLAS: GraphBLAS for Python},
	author={M. Pelletier},
	url={https://github.com/michelp/pygraphblas},
	note={Accessed on 28 March 2021}}
}

@online{ibmgraphblas,
	title={IBM GrahpBLAS},
	author={Moreira, Jos{\'e} E and Horn, Bill},
	url={https://github.com/IBM/ibmgraphblas},
	note={Accessed on 28 March 2021}}


@online{articgit,
	title={AnyDSL Artic},
	author={AnyDSL Team},
	url={https://github.com/AnyDSL/artic},
	note={Accessed on 28 March 2021}}



@online{gbenchmark,
	title={Google Benchmark},
	author={Google},
	url={https://github.com/google/benchmark},
	note={Accessed on 28 March 2021}}

@article{duff1992users,
	title={Users' guide for the Harwell-Boeing sparse matrix collection (Release I)},
	author={Duff, Iain S and Grimes, Roger G and Lewis, John G},
	year={1992},
	publisher={Citeseer}
}

@article{davis2011university,
	title={The University of Florida sparse matrix collection},
	author={Davis, Timothy A and Hu, Yifan},
	journal={ACM Transactions on Mathematical Software (TOMS)},
	volume={38},
	number={1},
	pages={1--25},
	year={2011},
	publisher={ACM New York, NY, USA}
}

@online{re2dfa,
	title={"Re2dfa: convertor from regular expressions to graphs"},
	author={},
	url={https://github.com/ibalashov24/re2dfa},
	note={Accessed on 28 March 2021}}
}

@book{cormen2009introduction,
	title={Introduction to algorithms},
	author={Cormen, Thomas H and Leiserson, Charles E and Rivest, Ronald L and Stein, Clifford},
	year={2009},
	publisher={MIT press}
}

@article{perard2019rodent,
	title={Rodent: generating renderers without writing a generator},
	author={P{\'e}rard-Gayot, Ars{\`e}ne and Membarth, Richard and Lei{\ss}a, Roland and Hack, Sebastian and Slusallek, Philipp},
	journal={ACM Transactions on Graphics (TOG)},
	volume={38},
	number={4},
	pages={1--12},
	year={2019},
	publisher={ACM New York, NY, USA}
}

@article{rajesh2010unusual,
	title={Unusual pattern detection in DNA database using KMP algorithm},
	author={Rajesh, S and Prathima, S and Reddy, LSS},
	journal={International Journal of Computer Applications},
	volume={1},
	number={22},
	pages={1--7},
	year={2010},
	publisher={Citeseer}
}

@inproceedings{muller2020anyseq,
	title={AnySeq: a high performance sequence alignment library based on partial evaluation},
	author={M{\"u}ller, Andr{\'e} and Schmidt, Bertil and Hildebrandt, Andreas and Membarth, Richard and Lei{\ss}a, Roland and Kruse, Matthis and Hack, Sebastian},
	booktitle={2020 IEEE International Parallel and Distributed Processing Symposium (IPDPS)},
	pages={1030--1040},
	year={2020},
	organization={IEEE}
}

@article{viterbiseim,
	title={Viterbi Algorithm Specialization Using Linear Algebra},
	author={Tyulyandin, I. and Berezun, D. and Grigorev, S.},
	journal={Accepted on SEIM21, to be appear in official proceedings},
	year={2021}
}